
%================================================================
% Extracción de Relaciones


% Pattern Methods

@article{Ortega2018LaSR,
  title={La Segregaci{\'o}n Residencial Socioecon{\'o}mica y su relaci{\'o}n con la desigualdad econ{\'o}mica en M{\'e}xico},
  author={Marco Antonio Medina Ortega and Laura Rodr{\'i}guez},
  journal={Cadernos Prolam/USP},
  year={2018},
  volume={16},
  pages={160-188}
}

@inproceedings{Merkel2014QueEY,
  title={Que es y que no es segregaci{\'o}n residencial. Contribuciones para un debate pendiente},
  author={Gonzalo Mart{\'i}n Rodr{\'i}guez Merkel},
  year={2014}
}

@inproceedings{Morissette2013TheKC,
  title={The k-means clustering technique: General considerations and implementation in Mathematica},
  author={Laurence Morissette and Sylvain Chartier},
  year={2013}
}

@article{RandonFurling2018FromUS,
  title={From urban segregation to spatial structure detection},
  author={Julien Randon-Furling and Madalina Olteanu and Antoine Lucquiaud},
  journal={Environment and Planning B: Urban Analytics and City Science},
  year={2018},
  volume={47},
  pages={645 - 661}
}

@inproceedings{Rodrguez2008SegregacinRS,
  title={Segregaci{\'o}n residencial socioecon{\'o}mica en la Ciudad Aut{\'o}noma de Buenos Aires. Dimensiones y cambios entre 1991-2001},
  author={G. Rodr{\'i}guez},
  year={2008}
}

@article{Goist1971CityA,
  title={City and "Community": The Urban Theory of Robert Park},
  author={Park Dixon Goist},
  journal={American Quarterly},
  year={1971},
  volume={23},
  pages={46}
}

@inproceedings{Park1984TheCS,
  title={The City: Suggestions for the Study of Human Nature in the Urban Environment},
  author={Robert Ezra Park and Ernest Watson Burgess and Roderick Mckenzie},
  year={1984}
}

@article{Adams2005HoytH1,
  title={Hoyt, H. 1939: The structure and growth of residential neighborhoods in American cities. Washington, DC: Federal Housing Administration},
  author={John Stokes Adams},
  journal={Progress in Human Geography},
  year={2005},
  volume={29},
  pages={321 - 325}
}

@article{Gilmore1947LandUI,
  title={Land Use in Central Boston. By Walter Firey. Harvard Sociological Series, Vol. IV. Cambridge, Mass: Harvard University Press, 1947. 353 pp. \$5.00},
  author={H. W. Gilmore},
  journal={Social Forces},
  year={1947},
  volume={26},
  pages={230-232}
}

@inproceedings{Manella2014LouisW,
  title={Louis Wirth - Urbanism as a Way of Life},
  author={G. Manella},
  year={2014}
}

@article{Duncan1955AMA,
  title={A METHODOLOGICAL ANALYSIS OF SEGREGATION INDEXES},
  author={Otis Dudley Duncan and Beverly Duncan},
  journal={American Sociological Review},
  year={1955},
  volume={20},
  pages={210}
}

@inproceedings{Feitosa2004SpatialMO,
  title={Spatial Measurement of Residential Segregation},
  author={Fl{\'a}via F. Feitosa and Gilberto C{\^a}mara and Ant{\^o}nio Miguel Vieira Monteiro and Thomas Koschitzki and Marcelino Pereira dos Santos Silva},
  booktitle={GeoInfo},
  year={2004}
}

@inproceedings{Jacobs1961TheDA,
  title={The Death and Life of Great American Cities},
  author={Jane Margaret Jacobs},
  year={1961}
}

@online{NT,
  author = {Robert Fulford},
  title = {When Jane Jacobs Took on the World},
  year = 1999,
  url = {https://archive.nytimes.com/www.nytimes.com/books/01/04/08/specials/jacobs.html},
  
}

@article{Kirwan1966BookRL,
  title={Book Review: Location and Land Use : Toward a General Theory of Land Rent by William Alonso; Harvard University Press: Oxford University Press, London, 1964, pp. 201, 44/-},
  author={Richard Kirwan},
  journal={Urban Studies},
  year={1966},
  volume={3},
  pages={171 - 173}
}

@article{Clarke1966PopulationPI,
  title={Population Pressure in Kingston, Jamaica: A Study of Unemployment and Overcrowding},
  author={Colin G. Clarke},
  journal={Transactions of the Institute of British Geographers},
  year={1966},
  pages={165}
}

@inproceedings{Johnston1978BerryBJ,
  title={Berry, Brian J. L. and Kasarda, John D., "Contemporary Urban Ecology" (Book Review)},
  author={Robert J. Johnston},
  year={1978}
}

@article{Ward1975BrianTR,
  title={Brian T. Robson, Urban Growth. An Approach . London: Methuen, 1973. xiv + 268 pp. Bibliography. Tables. Maps. Diagrams. Hardback £3·80, Paperback £1·90.},
  author={David M. Ward},
  journal={Urban History},
  year={1975},
  volume={2},
  pages={46-47}
}

@inproceedings{Downs1977MapsIM,
  title={Maps in minds : reflections on cognitive mapping},
  author={Roger M. Downs and David Stea},
  year={1977}
}

@inproceedings{GoffetteNagot2010IntroducingLC,
  title={Introducing local coordination in dynamic models of residential segregation},
  author={F. Goffette-Nagot and Sebastian Grauwin and Pablo Jensen},
  year={2010}
}

@inproceedings{Ostolaza2001SobreMD,
  title={Sobre modelos din{\'a}micos de segregaci{\'o}n},
  author={Juan Miguel Benito Ostolaza},
  year={2001}
}

@article{Banos2012NetworkEI,
  title={Network Effects in Schelling's Model of Segregation: New Evidence from Agent-Based Simulation},
  author={Arnaud Banos},
  journal={Environment and Planning B: Planning and Design},
  year={2012},
  volume={39},
  pages={393 - 405}
}

@article{Massey1988TheDO,
  title={The Dimensions of Residential Segregation},
  author={Douglas S. Massey and Nancy A. Denton},
  journal={Social Forces},
  year={1988},
  volume={67},
  pages={281-315}
}

@inproceedings{Luco2003SegregacinRE,
  title={Segregaci{\'o}n residencial en {\'a}reas metropolitanas de Am{\'e}rica Latina: magnitud, caracter{\'i}sticas, evoluci{\'o}n e implicaciones de pol{\'i}tica},
  author={Camilo Ramon Arriagada Luco and Jorge Rodr{\'i}guez Vignoli},
  year={2003}
}

@inproceedings{Ham2021,
  title={Urban Socio-Economic Segregation and Income Inequality},
  author={Maarten van Ham and Tiit Tammaru and Ruta Ubareviciene and Heleen J. Janssen},
  year={2021}
}

@inproceedings{Selmi2005RaceIT,
  title={Race in the City: The Triumph of Diversity and the Loss of Integration},
  author={M. Selmi},
  year={2005}
}

@online{SDC,
  author = {MN State Demographic Center},
  title = {Data by Topic - 2010 Decennial Census},
  year = 2010,
  url = {https://mn.gov/admin/demography/data-by-topic/population-data/2010-decennial-census/},
}

@online{WC,
  author = {Weldon Cooper Center for Public Service},
  title = {The Racial Dot Map},
  year = 2021,
  url = {https://demographics.coopercenter.org/racial-dot-map,}
}

@article{Park2018BeyondRS,
  title={Beyond residential segregation: A spatiotemporal approach to examining multi-contextual segregation},
  author={Yoo Min Park and Mei-po Kwan},
  journal={Comput. Environ. Urban Syst.},
  year={2018},
  volume={71},
  pages={98-108}
}

@article{Musterd2005HousingMS,
  title={Housing Mix, Social Mix, and Social Opportunities},
  author={Sako Musterd and Roger Ingemar Andersson},
  journal={Urban Affairs Review},
  year={2005},
  volume={40},
  pages={761 - 790}
}

@inproceedings{Alonso2008METODOLOGAPE,
  title={METODOLOG{\'I}A PARA EL DIAGN{\'O}STICO DE LA CALIDAD DE LOS DATOS},
  author={J. Alonso and Maelys Espinosa {\'A}lvarez Buylla},
  year={2008}
}

@article{Caas2004IndicadoresCD,
  title={Indicadores cuantitativos de segregaci{\'o}n residencial. El caso de la poblaci{\'o}n inmigrante en Barcelona},
  author={Joan Carles Martori Ca{\~n}as and Karen Hoberg},
  journal={Scripta Nova-revista Electronica De Geografia Y Ciencias Sociales},
  year={2004},
  volume={8},
  pages={169}
}

@article{NateraRivas2017EvidenciasSL,
  title={Evidencias sobre la segregaci{\'o}n vertical en ciudades del sur de Europa. El caso de la ciudad de M{\'a}laga},
  author={Juan Jose Natera-Rivas and Remedios Larrubia-Vargas and Susana Rosa Navarro-Rodriguez},
  journal={Papeles De Poblacion},
  year={2017},
  volume={23},
  pages={185-216}
}

@inproceedings{Bisin2009EthnicI,
  title={Ethnic Identity , Residential Segregation , and Labor-Market Outcomes of Immigrants in Europe},
  author={Alberto Bisin and Eleonora Patacchini and Thierry Verdier and Yves Zenou},
  year={2009}
}

@article{Dill2011ResidentialSA,
  title={Residential Segregation and Immigrants’ Satisfaction with the Neighborhood in Germany},
  author={Verena Dill and Uwe Jirjahn and Georgi Tsertsvadze},
  journal={European Economics: Labor \& Social Conditions eJournal},
  year={2011}
}

@article{Janoschka2002ElNM,
  title={El nuevo modelo de la ciudad latinoamericana: fragmentaci{\'o}n y privatizaci{\'o}n},
  author={Michael Janoschka},
  journal={Eure-revista Latinoamericana De Estudios Urbano Regionales},
  year={2002},
  volume={28},
  pages={11-20}
}

@article{Duhau2003DivisinSD,
  title={Divisi{\'o}n social del espacio metropolitano y movilidad residencial},
  author={Emilio Duhau},
  journal={Papeles De Poblacion},
  year={2003},
  volume={9},
  pages={161-210}
}

@article{Barry1998SocialES,
  title={Social exclusion, social isolation and the distribution of income},
  author={Brian Barry},
  journal={LSE Research Online Documents on Economics},
  year={1998}
}

@article{Sarav2008MundosAS,
  title={Mundos aislados: segregaci{\'o}n urbana y desigualdad en la ciudad de M{\'e}xico},
  author={Gonzalo Andr{\'e}s Sarav{\'i}},
  journal={Eure-revista Latinoamericana De Estudios Urbano Regionales},
  year={2008},
  volume={34},
  pages={93-110}
}

@inproceedings{Vignoli2011MigracinIE,
  title={Migraci{\'o}n interna en ciudades de Am{\'e}rica Latina: Efectos en la estructura demogr{\'a}fica y la segregaci{\'o}n residencial},
  author={Jorge Rodr{\'i}guez Vignoli},
  year={2011}
}

@inproceedings{Elizaga1972MigracionesIE,
  title={Migraciones interiores, el proceso de urbanizaci{\'o}n, movilidad social},
  author={J. C. Elizaga},
  year={1972}
}

@online{CONEI2000,
  author = {Oficina Nacional de Estadística e Información},
  title = {Censo año 2000},
  year = 2000,
  url = {http://www.onei.gob.cu/}
  
}

@article{AC2001,
  title={Sistema de asentamientos urbanos: teoría , aplicaciones y retos},
  author={Álvarez Concepción},
  journal={Planificación física Cuba},
  year={2001},
  volume={2},
  pages={66-68}
}

@article{Trefftz201150AD,
  title={50 a{\~n}os de la ley de reforma urbana en Cuba. En el aniversario del cambio de paradigma},
  author={Erich Trefftz},
  journal={Revista Invi},
  year={2011},
  volume={26},
  pages={19-62}
}

@inproceedings{Pascua2006LasZR,
  title={Las zonas residenciales de nuevo desarrollo en Cuba en la etapa revolucionaria. Situaci{\'o}n de partida para nuevas acciones},
  author={Eduardo Gonz{\'a}lez-Camero Pascua},
  year={2006}
}

@inproceedings{Herrero2007PlanesDR,
  title={Planes de reforma urbana para La Habana: la modernizaci{\'o}n de la ciudad burguesa (1898-1959)},
  author={Gabino Joaqu{\'i}n Ponce Herrero},
  year={2007}
}

@inproceedings{Alfonso2008LaRE,
  title={La reestructuraci{\'o}n espacial en Cuba},
  author={Haroldo Dilla Alfonso},
  year={2008}
}


@online{CONEI2012,
  author = {Oficina Nacional de Estadística e Información},
  title = {Censo de Población y Viviendas 2012},
  year = 2012,
  url = {http://www.onei.gob.cu/node/13001}
  
}

@inproceedings{Hernndez2015EnvejecimientoPE,
  title={Envejecimiento poblacional en Cuba},
  author={Ydalsys Naranjo Hern{\'a}ndez and Marlene Figueroa Linares and Rolando Mar{\'i}n},
  year={2015}
}

@inproceedings{Prez2017ElED,
  title={El envejecimiento demogr{\'a}fico, un reto desde las pol{\'i}ticas p{\'u}blicas en el municipio Placetas en Villa Clara. Demographic aging, a challenge from public policies in Placetas municipality, Villa Clara},
  author={Maibel{\'i}n Carrasco P{\'e}rez and Hussein Said Atuy Vidal and H{\'e}ctor Gonz{\'a}lez Fuentes and Neisy Cordero Plata and Mar{\'i}a M. Mu{\~n}oz},
  year={2017}
}

@inproceedings{R2020,
  title={Desarrollo de trayectorias sobre grafos para el análisis de segregación poblacional},
  author={Rodrigo Sua García Eternod},
  year={2020}
}

@article{man2018can,
  title={Can Big Data make a difference for urban management},
  author={Man, Ulrich and Giest, Sarah and Baar, Thomas},
  journal={Elmqvist, Thomas; Bai, Xuemei; Frantzeskaski, Niki; Griffith, Corrie},
  pages={218--238},
  year={2018}
}

@article{Feitosa2011MultiagentSF,
  title={Multi-agent simulator for urban segregation (MASUS): A tool to explore alternatives for promoting inclusive cities},
  author={Fl{\'a}via F. Feitosa and Quang Bao Le and Paul L. G. Vlek},
  journal={Comput. Environ. Urban Syst.},
  year={2011},
  volume={35},
  pages={104-115}
}

@article{apparicio2014open,
  title={An open-source software for calculating indices of urban residential segregation},
  author={Apparicio, Philippe and Martori, Joan Carles and Pearson, Amber L and Fournier, {\'E}ric and Apparicio, Denis},
  journal={Social Science Computer Review},
  volume={32},
  number={1},
  pages={117--128},
  year={2014},
  publisher={Sage Publications Sage CA: Los Angeles, CA}
}

@article{Fatehkia2018UsingFA,
  title={Using Facebook ad data to track the global digital gender gap},
  author={Masoomali Fatehkia and Ridhi Kashyap and Ingmar Weber},
  journal={World Development},
  year={2018}
}

@article{Boterman2020MultipleDO,
  title={Multiple dimensions of residential segregation. The case of the metropolitan area of Amsterdam},
  author={Willem R. Boterman and Sako Musterd and Dorien Manting},
  journal={Urban Geography},
  year={2020},
  volume={42},
  pages={481 - 506}
}

@article{Atkinson2003FortressUG,
  title={Fortress UK? Gated communities, the spatial revolt of the elites and time–space trajectories of segregation},
  author={Rowland Atkinson and John. Flint},
  journal={Housing Studies},
  year={2003},
  volume={19},
  pages={875 - 892}
}

@article{Vogiazides2019MigrantsLR,
  title={Migrants’ long-term residential trajectories in Sweden: persistent neighbourhood deprivation or spatial assimilation?},
  author={Louisa Vogiazides and Guilherme Kenji Chihaya},
  journal={Housing Studies},
  year={2019},
  volume={35},
  pages={875 - 902}
}

@article{AguadoMoralejo2019AplicacinDU,
  title={Aplicaci{\'o}n de un an{\'a}lisis cl{\'u}ster para el estudio de la segregaci{\'o}n social en el municipio de Bilbao},
  author={Itziar Aguado Moralejo and Carmen Echebarria Miguel and Jos{\'e} Mar{\'i}a Barrutia Legarreta},
  journal={Bolet{\'i}n de la Asociaci{\'o}n de Ge{\'o}grafos Espa{\~n}oles},
  year={2019}
}

@inproceedings{G2019,
  title={Estudio de segragción residencial empleando algoritmos de clustering},
  author={Gabriela Santa Cruz Pacheco, Dafne García de Armas, Yudivian Almeida Cruz,and Sira Allende Alonso},
  year={2020}
}

@inproceedings{MacQueen1967SomeMF,
  title={Some methods for classification and analysis of multivariate observations},
  author={J. MacQueen},
  year={1967}
}

@inproceedings{Hastie2001TheEO,
  title={The Elements of Statistical Learning: Data Mining, Inference, and Prediction},
  author={Trevor J. Hastie and Jerome H. Friedman and Robert Tibshirani},
  booktitle={Springer Series in Statistics},
  year={2001}
}

@article{faber1994clustering,
  title={Clustering and the continuous k-means algorithm},
  author={Faber, Vance},
  journal={Los Alamos Science},
  volume={22},
  number={138144.21},
  pages={67},
  year={1994}
}

@article{Shannon2001AMT,
  title={A mathematical theory of communication},
  author={Claude E. Shannon},
  journal={ACM SIGMOBILE Mob. Comput. Commun. Rev.},
  year={2001},
  volume={5},
  pages={3-55}
}

@article{Symons1981ClusteringCA,
  title={Clustering criteria and multivariate normal mixtures},
  author={Michael J. Symons},
  journal={Biometrics},
  year={1981},
  volume={37},
  pages={35}
}

@inproceedings{Tibshirani2000EstimatingTN,
  title={Estimating the number of clusters in a dataset via the gap statistic},
  author={Robert Tibshirani},
  year={2000}
}

@article{Yuan2019ResearchOK,
  title={Research on K-Value Selection Method of K-Means Clustering Algorithm},
  author={Chunhui Yuan and Haitao Yang},
  journal={J},
  year={2019}
}

@article{Kaoungku2018TheSW,
  title={The Silhouette Width Criterion for Clustering and Association Mining to Select Image Features},
  author={Nuntawut Kaoungku and Keerachart Suksut and Ratiporn Chanklan and Kittisak Kerdprasop and Nittaya Kerdprasop},
  journal={International Journal of Machine Learning and Computing},
  year={2018},
  volume={8},
  pages={69-73}
}

@article{Wang2019AnII,
  title={An improved index for clustering validation based on Silhouette index and Calinski-Harabasz index},
  author={Xu Wang and Yusheng Xu},
  journal={IOP Conference Series: Materials Science and Engineering},
  year={2019}
}

@inproceedings{Petrovic2006ACB,
  title={A Comparison Between the Silhouette Index and the Davies-Bouldin Index in Labelling IDS Clusters},
  author={Slobodan V. Petrovic},
  year={2006}
}

@inproceedings{Armas2020AnlisisDS,
  title={An{\'a}lisis de segregaci{\'o}n residencial como din{\'a}mica socio-espacial en grandes ciudades: caso de estudio Par{\'i}s},
  author={Dafne Garc{\'i}a de Armas and Madalina Olteanu and S. A. Alonso and Yudivi{\'a}n Almeida Cruz},
  year={2020}
}
%================================================================
